% cheat sheet / reference:
% http://en.wikibooks.org/wiki/LaTeX/Bibliography_Management

% example
% Required that only cited elements show up in the reference section. 
@article{long_description,
    title = {Investor sentiment and the near-term stock market },
    author = {Gregory W. Brown and Michael T. Cliff},
    journal = {Journal of Empirical Finance },
    volume = {11},
    number = {1},
    pages = {1 - 27},
    year = {2004},
    note = {},
    issn = {0927-5398},
    doi = {http://dx.doi.org/10.1016/j.jempfin.2002.12.001},
    url = {http://www.sciencedirect.com/science/article/pii/S0927539803000422},
    keywords = {Investor sentiment},
    keywords = {Return predictability}
}

@MastersThesis{long_description,
  title =    {This and that article },
  author =   {Author 1 and Author 2},
  school =   {Department of Computer and Information Science, NTNU},
  year =     2013,
  note =     {Available from www.cochrane-handbook.org}
}
% example end. 

@article{bozeman2008, 
author = {Boezeman, E. J. and Ellemers, N.},
year = {2008},
title = {Pride and respect in volunteers' organizational commitment.},
journal = {Eur. J. Soc. Psychol.},
number = {38},
pages = {59–172},
}

@article{laura2006,
title = {Faith in Action: Capacity and sustainability of volunteer
organizations},
author  = {Laura C. Levitonb and Carla Herreraa and Sarah K. Peppera and  Nancy
Fishmanb and  David P. Racinea},
journal = {Evaluation and Program Planning},
Volume = {29},
number = {2},
year = {2006},
pages = {201-207},
}

@book{teamet,
    title = {Teamet},
    author = {Endre Sjøvold},
    year = {2006},
	publisher = {Universitetsforlaget},
}

@article{ellemers2009,
author = {Ellemers, N. and Boezeman, E. J.},
year = {2009},
title = {Empowering the Volunteer Organization},
journal = {The Psychology of Prosocial Behavior: Group Processes, Intergroup
Relations, and Helping (eds S. Stürmer and M. Snyder), Wiley-Blackwell, Oxford,
UK. doi:10.1002/9781444307948.ch13},
}

@article{stebbins,
title = {Would You Volunteer?},
author = {Robert A. Stebbins},
journal = {Social Sciences and Public Policy},
year = {2009},
Volume = {46},
pages = {155-159},
}

